@misc{RPiZero,
	title = {Официальный сайт Raspberry Pi},
	howpublished = 
	{\url{https://www.raspberrypi.org/products/pi-zero/}},
	year = 2017,
	note = {Accessed: 2017-05-28},
	language = {english}
}

@misc{oFono,
	title = {Официальный сайт oFono},
	howpublished = 
	{\url{https://01.org/ofono}},
	year = 2017,
	note = {Accessed: 2017-05-28},
	language = {english}
}

@misc{oFonoSources,
	title = {Репозиторий ofono},
	howpublished = 
	{\url{https://git.kernel.org/pub/scm/network/ofono/ofono.git}},
	year = 2017,
	note = {Accessed: 2017-05-28},
	language = {english}
}

@misc{DBus,
	title = {D-Bus главная страница},
	howpublished = 
	{\url{https://www.freedesktop.org/wiki/Software/dbus/}},
	year = 2017,
	note = {Accessed: 2017-05-28},
	language = {english}
}

@misc{Qt,
	title = {Qt главная страница},
	howpublished = 
	{\url{https://www.qt.io}},
	year = 2017,
	note = {Accessed: 2017-05-28},
	language = {english}
}

@misc{QtDoc,
	title = {Документация Qt},
	howpublished = 
	{\url{http://doc.qt.io/}},
	year = 2017,
	note = {Accessed: 2017-05-28},
	language = {english}
}

@misc{gnome,
	title = {GNOME главная страница},
	howpublished = 
	{\url{https://www.gnome.org/}},
	year = 2017,
	note = {Accessed: 2017-05-28},
	language = {english}
}

@misc{glibSources,
	title = {Репозиторий GLib},
	howpublished = 
	{\url{https://github.com/GNOME/glib}},
	year = 2017,
	note = {Accessed: 2017-05-28},
	language = {english}
}

